@String{AAAI =  "Proc. Nat'l Conf. on Artificial Intelligence"}
@String{AAMAS =  "Int'l Conf. on Autonomous Agents and Multi-Agent Systems"}
@String{ACC= "American Control Conf."}
@String{ACITLSCM = "Advances in Computational Intelligence in Transport, Logistics, and Supply Chain Management"}
@String{ACMEC = "Proc. ACM Conf. on Electronic Commerce"}
@String{AIJ = "Artificial Intelligence Journal"}
@String{AIMag = "AI Magazine"}
@String{COR = "Computers and Operations Research"}
@String{DARS = "Distributed Autonomous Robotic Systems (DARS)"}
@String{ECAI = "European Conference on Artificial Intelligence"}
@String{EJOR = "European Journal of Operational Research"}
@String{HISSBC = "Handbooks in Information Systems Series: Business Computing"}
@String{HRI = "ACM/IEEE Int'l Conf. on Human-Robot Interaction (HRI)"}
@string{IAS =    "Proc. of the Int'l Conf. on Intelligent Autonomous Systems"}
@String{IAT = "Intelligent Agent Technology. IEEE/WIC/ACM Int'l Conf. on"}
@String{ICAPS = "Proc. Int'l Conf. on Automated Planning and Scheduling"}
@String{ICEC = "Proc. Int'l Conf. on Electronic Commerce"}
@String{ICRA = "Proc. IEEE Int'l Conf. on Robotics and Automation"}
@String{ICTAI = "Tools with Artificial Intelligence. IEEE Int'l Conf. on"}
@String{IEEE = "Proceedings of the IEEE"}
@String{IJCAI = "Proc. Int'l Joint Conf. on Artificial Intelligence"}
@String{IJRR = "The International Journal of Robotics Research"}
@String{IROS = "Proc. IEEE/RSJ Int. Conf. on Intelligent Robots and Systems"}
@String{JAAMAS ="Journal of Autonomous Agents and Multi-Agent Systems"},
@String{JAIR = "Journal of Artificial Intelligence Research"} 
@String{ORP = "Operations Research Proceedings"}
@String{RAS = "Robotics and Autonomous Systems"}
@String{RSS = "Proc. Robotics: Science and Systems (RSS)"}
@String{SIS = "Swarm Intelligence Symposium"}
@String{TRO = "IEEE Trans. on Robotics"}


@inproceedings{bosch2012comparison,
  title={A Comparison of Sound Segregation Techniques for Predominant Instrument Recognition in Musical Audio Signals.},
  author={Bosch, Juan J and Janer, Jordi and Fuhrmann, Ferdinand and Herrera, Perfecto},
  booktitle={ISMIR},
  pages={559--564},
  year={2012}
}


@inproceedings{sak2014long,
  title={Long short-term memory recurrent neural network architectures for large scale acoustic modeling},
  author={Sak, Ha{\c{s}}im and Senior, Andrew and Beaufays, Fran{\c{c}}oise},
  booktitle={Fifteenth annual conference of the international speech communication association},
  year={2014}
}


@article{sak2014long_2,
  title={Long short-term memory based recurrent neural network architectures for large vocabulary speech recognition},
  author={Sak, Ha{\c{s}}im and Senior, Andrew and Beaufays, Fran{\c{c}}oise},
  journal={arXiv preprint arXiv:1402.1128},
  year={2014}
}


@inproceedings{krizhevsky2012imagenet,
  title={Imagenet classification with deep convolutional neural networks},
  author={Krizhevsky, Alex and Sutskever, Ilya and Hinton, Geoffrey E},
  booktitle={Advances in neural information processing systems},
  pages={1097--1105},
  year={2012}
}


@inproceedings{graves2014towards,
  title={Towards end-to-end speech recognition with recurrent neural networks},
  author={Graves, Alex and Jaitly, Navdeep},
  booktitle={International Conference on Machine Learning},
  pages={1764--1772},
  year={2014}
}


@article{visin2015renet,
  title={Renet: A recurrent neural network based alternative to convolutional networks},
  author={Visin, Francesco and Kastner, Kyle and Cho, Kyunghyun and Matteucci, Matteo and Courville, Aaron and Bengio, Yoshua},
  journal={arXiv preprint arXiv:1505.00393},
  year={2015}
}


@article{chung2014empirical,
  title={Empirical evaluation of gated recurrent neural networks on sequence modeling},
  author={Chung, Junyoung and Gulcehre, Caglar and Cho, KyungHyun and Bengio, Yoshua},
  journal={arXiv preprint arXiv:1412.3555},
  year={2014}
}

@article{cho2014properties,
  title={On the properties of neural machine translation: Encoder-decoder approaches},
  author={Cho, Kyunghyun and Van Merri{\"e}nboer, Bart and Bahdanau, Dzmitry and Bengio, Yoshua},
  journal={arXiv preprint arXiv:1409.1259},
  year={2014}
}

@article{graves2013generating,
  title={Generating sequences with recurrent neural networks},
  author={Graves, Alex},
  journal={arXiv preprint arXiv:1308.0850},
  year={2013}
}


@article{aggarwalstructured,
  title={A Structured Learning Approach with Neural Conditional Random Fields for Sleep Staging},
  author={Aggarwal, Karan and Khadanga, Swaraj and Joty, Shafiq R and Kazaglis, Louis and Srivastava, Jaideep}
}
